@INPROCEEDINGS{soltesz2007container,
  TITLE="Container-based operating system virtualization: a scalable, high-performance alternative to hypervisors",
  AUTHOR="Soltesz, Stephen and P{\"o}tzl, Herbert and Fiuczynski, Marc E and Bavier, Andy and Peterson, Larry",
  BOOKTITLE="ACM SIGOPS Operating Systems Review",
  VOLUME={41},
  NUMBER={3},
  PAGES={275--287},
  YEAR={2007},
  ORGANIZATION={ACM}
}

@article{merkel2014docker,
  title="Docker: lightweight linux containers for consistent development and deployment",
  author="Merkel, Dirk",
  journal="Linux Journal",
  volume={2014},
  number={239},
  pages={2},
  year={2014}
}

@article{kratzke2015microservices,
  title="About Microservices, Containers and their Underestimated Impact on Network Performance",
  author="Kratzke, Nane",
  journal="CLOUD COMPUTING 2015",
  pages={180},
  year={2015}
}

@inproceedings{felter2015updated,
  title="An updated performance comparison of virtual machines and linux containers",
  author="Felter, Wes and Ferreira, Alexandre and Rajamony, Ram and Rubio, Juan",
  booktitle="Performance Analysis of Systems and Software (ISPASS), 2015 IEEE International Symposium On",
  pages={171--172},
  year={2015},
  organization={IEEE}
}

@inproceedings{nishtala2013scaling,
  title="Scaling memcache at facebook",
  author="Nishtala, Rajesh and Fugal, Hans and Grimm, Steven and Kwiatkowski, Marc and Lee, Herman and Li, Harry C and McElroy, Ryan and Paleczny, Mike and Peek, Daniel and Saab, Paul and others",
  booktitle="Presented as part of the 10th USENIX Symposium on Networked Systems Design and Implementation (NSDI 13)",
  pages={385--398},
  year={2013}
}

@article{jalaparti2013speeding,
  title="Speeding up distributed request-response workflows",
  author="Jalaparti, Virajith and Bodik, Peter and Kandula, Srikanth and Menache, Ishai and Rybalkin, Mikhail and Yan, Chenyu",
  journal="ACM SIGCOMM Computer Communication Review",
  volume={43},
  number={4},
  pages={219--230},
  year={2013}
}

@article{dean2013tail,
  title="The tail at scale",
  author="Dean, Jeffrey and Barroso, Luiz Andr{\'e}",
  journal="Communications of the ACM",
  volume={56},
  number={2},
  pages={74--80},
  year={2013}
}

@article{dean2008mapreduce,
  title="MapReduce: simplified data processing on large clusters",
  author="Dean, Jeffrey and Ghemawat, Sanjay",
  journal="Communications of the ACM",
  volume={51},
  number={1},
  pages={107--113},
  year={2008}
}

@article{menasce2002qos,
  title="QoS issues in web services",
  author="Menasc{\'e}, Daniel A",
  journal="Internet Computing, IEEE",
  volume={6},
  number={6},
  pages={72--75},
  year={2002}
}

@article{slee2007thrift,
  title="Thrift: Scalable cross-language services implementation",
  author="Slee, Mark and Agarwal, Aditya and Kwiatkowski, Marc",
  journal="Facebook White Paper",
  volume={5},
  number={8},
  year={2007}
}

@article{hopper2014cumulative,
  title="Cumulative Distribution Function",
  author="Hopper, Tom",
  journal="Month",
  year={2014}
}

@article{love2003kernel,
  title="Kernel korner: CPU affinity",
  author="Love, Robert",
  journal="Linux Journal",
  volume={2003},
  number={111},
  pages={8},
  year={2003}
}

@inproceedings{li2007quantifying,
  title="Quantifying the cost of context switch",
  author="Li, Chuanpeng and Ding, Chen and Shen, Kai",
  booktitle="Proceedings of the 2007 workshop on Experimental computer science",
  pages={2},
  year={2007},
  organization="ACM"
}

@inproceedings{li2014tales,
  title="Tales of the tail: Hardware, os, and application-level sources of tail latency",
  author="Li, Jialin and Sharma, Naveen Kr and Ports, Dan RK and Gribble, Steven D",
  booktitle="Proceedings of the ACM Symposium on Cloud Computing",
  pages={1--14},
  year={2014},
  organization="ACM"
}

@inproceedings{xu2013bobtail,
  title="Bobtail: Avoiding long tails in the cloud",
  author="Xu, Yunjing and Musgrave, Zachary and Noble, Brian and Bailey, Michael",
  booktitle="Presented as part of the 10th USENIX Symposium on Networked Systems Design and Implementation (NSDI 13)",
  pages={329--341},
  year={2013}
}

@inproceedings{menasce2005virtualization,
  title="Virtualization: Concepts, applications, and performance modeling",
  author="Menasc{\'e}, Daniel A",
  booktitle="Int. CMG Conference",
  pages={407--414},
  year={2005}
}

@misc{specweb2009commerce,
  title="commerce workload, 2009",
  author="SPECweb2009, E"
}

@article{tsirtsis2000network,
  title="Network address translation-protocol translation (NAT-PT)",
  author="Tsirtsis, George",
  journal="Network",
  year={2000}
}

@misc{jbossAnzhuangyupeizhi,
  author = "Jeremy Eder",
  title = "Accelerating Red Hat Enterprise Linux 7-based Linux Contain- ers with Solarflare OpenOnload. Technical report, Red Hat Enterprise, April 2015",
  year = {2009},
}

@inproceedings{liu2006high,
  title="High Performance VMM-Bypass I/O in Virtual Machines.",
  author="Liu, Jiuxing and Huang, Wei and Abali, B{\"u}lent and Panda, Dhabaleswar K",
  booktitle="USENIX Annual Technical Conference, General Track",
  pages={29--42},
  year={2006}
}

@inproceedings{dua2014virtualization,
  title="Virtualization vs containerization to support paas",
  author="Dua, Rajdeep and Raja, A Reddy and Kakadia, Dharmesh",
  booktitle="Cloud Engineering (IC2E), 2014 IEEE International Conference on",
  pages={610--614},
  year={2014},
  organization={IEEE}
}

@inproceedings{xavier2013performance,
  title="Performance evaluation of container-based virtualization for high performance computing environments",
  author="Xavier, Miguel G and Neves, Marcelo Veiga and Rossi, Fabio D and Ferreto, Tiago C and Lange, Tobias and De Rose, Cesar AF",
  booktitle="Parallel, Distributed and Network-Based Processing (PDP), 2013 21st Euromicro International Conference on",
  pages={233--240},
  year={2013},
  organization={IEEE}
}

@article{zawodny2009redis,
  title="Redis: Lightweight key/value store that goes the extra mile",
  author="Zawodny, Jeremy",
  journal="Linux Magazine",
  volume={79},
  year={2009}
}

@article{strauch2011nosql,
  title="NoSQL databases",
  author="Strauch, Christof and Sites, Ultra-Large Scale and Kriha, Walter",
  journal="Lecture Notes, Stuttgart Media University",
  year={2011}
}

@article{sha2004real,
  title="Real time scheduling theory: A historical perspective",
  author="Sha, Lui and Abdelzaher, Tarek and {\AA}rz{\'e}n, Karl-Erik and Cervin, Anton and Baker, Theodore and Burns, Alan and Buttazzo, Giorgio and Caccamo, Marco and Lehoczky, John and Mok, Aloysius K",
  journal="Real-time systems",
  volume={28},
  number={2-3},
  pages={101--155},
  year={2004}
}

@article{jones2009inside,
  title="Inside the linux 2.6 completely fair scheduler",
  author="Jones, M Tim",
  journal="IBM Developer Works Technical Report",
  volume={2009},
  year={2009}
}

@inproceedings{he2012elastic,
  title="Elastic application container: A lightweight approach for cloud resource provisioning",
  author="He, Sijin and Guo, Li and Guo, Yike and Wu, Chao and Ghanem, Moustafa and Han, Rui",
  booktitle="Advanced information networking and applications (aina), 2012 ieee 26th international conference on",
  pages={15--22},
  year={2012},
  organization={IEEE}
}

@inproceedings{huber2011evaluating,
  title="Evaluating and Modeling Virtualization Performance Overhead for Cloud Environments.",
  author="Huber, Nikolaus and von Quast, Marcel and Hauck, Michael and Kounev, Samuel",
  booktitle="CLOSER",
  pages={563--573},
  year={2011}
}

@article{amazon2010amazon,
  title="Amazon elastic compute cloud (Amazon EC2)",
  author="Amazon, EC",
  journal="Amazon Elastic Compute Cloud (Amazon EC2)",
  year={2010}
}

@incollection{copeland2015overview,
  title="Overview of Microsoft Azure Services",
  author="Copeland, Marshall and Soh, Julian and Puca, Anthony and Manning, Mike and Gollob, David",
  booktitle="Microsoft Azure",
  pages={27--69},
  year={2015}
}

@inproceedings{wright2003linux,
  title="Linux security modules: General security support for the linux kernel",
  author="Wright, Chris and Cowan, Crispin and Smalley, Stephen and Morris, James and Kroah-Hartman, Greg",
  pages={213},
  year={2003},
  organization={IEEE}
}

@article{helsley2009lxc,
  title="LXC: Linux container tools",
  author="Helsley, Matt",
  journal="IBM devloperWorks Technical Library",
  year={2009}
}

@article{vspavcek2015docker,
  title="Docker as platform for assignments evaluation",
  author="{\v{S}}pa{\v{c}}ek, Franti{\v{s}}ek and Sohlich, Radom{\'\i}r and Dul{\'\i}k, Tom{\'a}{\v{s}}",
  journal="Procedia Engineering",
  volume={100},
  pages={1665--1671},
  year={2015}
}

@misc{menage2007linux,
  title="Linux control groups",
  author="Menage, P and Seth, R and Jackson, P and Lameter, C",
  year={2007}
}

@inproceedings{tseng2011network,
  title="Network virtualization with cloud virtual switch",
  author="Tseng, Hui-Min and Lee, Hui-Lan and Hu, Jen-Wei and Liu, Te-Lung and Chang, Jee-Gong and Huang, Wei-Cheng",
  booktitle="Parallel and Distributed Systems (ICPADS), 2011 IEEE 17th International Conference on",
  pages={998--1003},
  year={2011},
  organization={IEEE}
}

@article{pendry1997union,
  title="Union mounts in 4.4 BSD-lite",
  author="Pendry, Jan-Simon and Sequent, U and McKusick, Marshall Kirk",
  journal="AUUGN",
  pages={1},
  year={1997}
}

@article{hasenstein2001logical,
  title="The logical volume manager (LVM)",
  author="Hasenstein, Michael",
  journal="White paper",
  year={2001}
}

@book{gibson1992redundant,
  title="Redundant disk arrays: Reliable, parallel secondary storage",
  author="Gibson, Garth A",
  volume={368},
  year={1992}
}